@Book{xie2015,
  title = {Dynamic Documents with {R} and knitr},
  author = {Yihui Xie},
  publisher = {Chapman and Hall/CRC},
  address = {Boca Raton, Florida},
  year = {2015},
  edition = {2nd},
  note = {ISBN 978-1498716963},
  url = {http://yihui.org/knitr/},
}

@Book{c1993,
  title = {Visualizing Data},
  author = {William S. Cleveland},
  publisher = {Hobart Press},
  address = {New Jersey},
  year = {1993},
}

@Book{becker1988,
  title = {The New S Language: A Programming Environment for Data Analysis and Graphics},
  author = {Becker, R. A., Chambers, J. M, and Wilks, A. R.},
  publisher = {Wadsworth & Brooks/Cole Advanced Books & Software},
  address = {Pacific Grove, California},
  year = {1988},
}

@Book{wickham2019,
  title = {Advanced R},
  author = {Hadley Wickham},
  publisher = {CRC Press},
  year = {2019},
  edition = {2nd},
}

@Book{venables2000,
  title = {S Programming},
  author = {Venables, W. N., and Ripley, B. D.},
  publisher = {Springer-Verlag},
  adress = {New York},
  year = {2000},
}

@Book{jones2009,
  title = {Introduction to Scientific Programming and Simulation Using R},
  author = {Jones, O., Mailardet, R, and Robinson, A},
  publisher = {Chapman & Hall/CRC},
  adress = {New York},
  year = {2009},
}